@Comment{
ebib-main-file: /home/gebbie/texmf/bibtex/bib/main.bib
}

@String{ajmfr = {Aus. J. Mar. Fr. Res.}}
@String{amb = {Adv. Mar. Biol.}}
@String{amm = {Aust. Met. Mag.}}
@String{ammo = {Appl. Math. Modelling}}
@String{ao = {Atmosphere-Ocean}}
@String{arfm = {Ann. Rev. Fluid Mech.}}
@String{bams = {Bull. Amer. Meteor. Soc.}}
@String{cd = {Clim. Dyn.}}
@String{csr = {Cont. Shelf Res.}}
@String{dao = {Dyn. Atmos. Oceans}}
@String{dsr = {Deep Sea Res.}}
@String{eos = {EOS, Trans., Amer. Geophys. Union}}
@String{epsl = {Earth Planet. Sci. Lett.}}
@String{gafd = {Geophys. Astrophys. Fluid Dyn.}}
@String{gbc = {Global Biogeochem. Cycles}}
@String{gca = {Geochim. Cosmochim. Acta}}
@String{grl = {Geophys. Res. Lett.}}
@String{ijnmf = {Int. J. Num. Meth. Fluids}}
@String{inprep = {in preparation}}
@String{inpress = {in press}}
@String{jam = {J. Appl. Meteor.}}
@String{jaot = {J. Atmos. Ocean Tech.}}
@String{jas = {J. Atmos. Sci.}}
@String{jcl = {J. Climate}}
@String{jcp = {J. Comp. Phys.}}
@String{jfm = {J. Fluid Mech.}}
@String{jglac = {J. of Glaciology}}
@String{jgr = {J. Geophys. Res.}}
@String{jmr = {J. Mar. Res.}}
@String{jms = {J. Mar. Sys.}}
@String{joc = {J. Climate}}
@String{jpo = {J. Phys. Oceanogr.}}
@String{jpr = {J. Plankton. Res.}}
@String{jpy = {J. Phycol}}
@String{lo = {Limnol. Oceanog.}}
@String{mc = {Mar. Chem.}}
@String{meps = {Marine Ecology Progress Series}}
@String{mwr = {Mon. Weath. Rev.}}
@String{nat = {Nature}}
@String{nature = {Nature}}
@String{oc = {Oceanography}}
@String{ocac = {Oceanologica Acta}}
@String{paleo = {Paleoceanography}}
@String{pg = {Prog. Oceanogr.}}
@String{pnas = {Proc. Natl. Acad. Sci. U.S.A.}}
@String{po = {Prog. Oceanogr.}}
@String{ppp = {Paleonogr. Paleoclim. Paleoecol.}}
@String{ptrsl = {Phil. Trans. R. Soc. Lond.}}
@String{ptrsla = {Philos. Trans. Roy. Soc. London A}}
@String{ptrslb = {Philos. Trans. Roy. Soc. London B}}
@String{qjrms = {Q. J. R. Meteorol. Soc.}}
@String{qr = {Quat. Res.}}
@String{qsr = {Quat. Sci. Rev.}}
@String{rg = {Rev. Geophys.}}
@String{rgs = {Rev. of Geophys. and Space Phys.}}
@String{sci = {Science}}
@String{tel = {Tellus}}

@ARTICLE{Myhre-Shindell-2013:Anthropogenic,
	author = {Myhre, G and Shindell, D and Br{\'e}on, FM and Collins, W and Fuglestvedt,
	J and Stocker, TF and Qin, D and Plattner, G.-K. and Tignor, M. and
	Allen, SK and Boschung, J and co-authors},
	title = {Anthropogenic and natural radiative forcing},
	journal = {Climate Change 2013: The Physical Science Basis. Contribution of
	Working Group I to the Fifth Assessment Report of the Intergovernmental
	Panel on Climate Change},
	year = {2013},
	note = {[Stocker, T.F., D. Qin, G.-K. Plattner, M. Tignor, S.K. Allen, J.
	Boschung, A. Nauels, Y. Xia, V. Bex and P.M. Midgley (eds.)]. Cambridge
	University Press, Cambridge, United Kingdom and New York, NY, USA.(eds.)].
	Cambridge University Press, Cambridge, United Kingdom and New York,
	NY, USA.},
	owner = {gebbie},
	timestamp = {2019.06.20}
}

@ARTICLE{myhre2013anthropogenic,
	author = {Myhre, Gunnar and Shindell, Drew and Br{\'e}on, Fran{\c{c}}ois-Marie
	and Collins, William and Fuglestvedt, Jan and Huang, Jianping and
	Koch, Dorothy and Lamarque, Jean-Francois and Lee, David and Mendoza,
	Blanca and others},
	title = {Anthropogenic and natural radiative forcing},
	journal = {Climate Change},
	year = {2013},
	volume = {423},
	pages = {658--740},
	date-added = {2017-10-19 15:18:52 +0000},
	date-modified = {2017-10-19 15:19:53 +0000}
}

