@Comment{
ebib-main-file: /home/gebbie/.config/texmf/bibtex/bib/main.bib
}

@Preamble{ " \newcommand{\noop}[1]{} " }

@String{ajmfr = {Aus. J. Mar. Fr. Res.}}
@String{amb = {Adv. Mar. Biol.}}
@String{amm = {Aust. Met. Mag.}}
@String{ammo = {Appl. Math. Modelling}}
@String{ao = {Atmosphere-Ocean}}
@String{arfm = {Ann. Rev. Fluid Mech.}}
@String{bams = {Bull. Amer. Meteor. Soc.}}
@String{cd = {Clim. Dyn.}}
@String{csr = {Cont. Shelf Res.}}
@String{dao = {Dyn. Atmos. Oceans}}
@String{dsr = {Deep Sea Res.}}
@String{eos = {EOS, Trans., Amer. Geophys. Union}}
@String{epsl = {Earth Planet. Sci. Lett.}}
@String{gafd = {Geophys. Astrophys. Fluid Dyn.}}
@String{gbc = {Global Biogeochem. Cycles}}
@String{gca = {Geochim. Cosmochim. Acta}}
@String{grl = {Geophys. Res. Lett.}}
@String{ijnmf = {Int. J. Num. Meth. Fluids}}
@String{inprep = {in preparation}}
@String{inpress = {in press}}
@String{jam = {J. Appl. Meteor.}}
@String{jaot = {J. Atmos. Ocean Tech.}}
@String{jas = {J. Atmos. Sci.}}
@String{jcl = {J. Climate}}
@String{jcp = {J. Comp. Phys.}}
@String{jfm = {J. Fluid Mech.}}
@String{jglac = {J. of Glaciology}}
@String{jgr = {J. Geophys. Res.}}
@String{jmr = {J. Mar. Res.}}
@String{jms = {J. Mar. Sys.}}
@String{joc = {J. Climate}}
@String{jpo = {J. Phys. Oceanogr.}}
@String{jpr = {J. Plankton. Res.}}
@String{jpy = {J. Phycol}}
@String{lo = {Limnol. Oceanog.}}
@String{mc = {Mar. Chem.}}
@String{meps = {Marine Ecology Progress Series}}
@String{mwr = {Mon. Weath. Rev.}}
@String{nat = {Nature}}
@String{nature = {Nature}}
@String{oc = {Oceanography}}
@String{ocac = {Oceanologica Acta}}
@String{paleo = {Paleoceanography}}
@String{pg = {Prog. Oceanogr.}}
@String{pnas = {Proc. Natl. Acad. Sci. U.S.A.}}
@String{po = {Prog. Oceanogr.}}
@String{ppp = {Paleonogr. Paleoclim. Paleoecol.}}
@String{ptrsl = {Phil. Trans. R. Soc. Lond.}}
@String{ptrsla = {Philos. Trans. Roy. Soc. London A}}
@String{ptrslb = {Philos. Trans. Roy. Soc. London B}}
@String{qjrms = {Q. J. R. Meteorol. Soc.}}
@String{qr = {Quat. Res.}}
@String{qsr = {Quat. Sci. Rev.}}
@String{rg = {Rev. Geophys.}}
@String{rgs = {Rev. of Geophys. and Space Phys.}}
@String{sci = {Science}}
@String{tel = {Tellus}}

@ARTICLE{Levitus-Antonov-2005:Warming,
	author = {S. Levitus and J. Antonov and T. Boyer},
	title = {Warming of the world ocean, 1955-2003},
	journal = {Geophysical Research Letters},
	year = {2005},
	volume = {32},
	number = {2},
	month = {jan 22},
	bdsk-file-1 = {YnBsaXN0MDDUAQIDBAUIJidUJHRvcFgkb2JqZWN0c1gkdmVyc2lvblkkYXJjaGl2ZXLRBgdUcm9vdIABqAkKFRYXGyIjVSRudWxs0wsMDQ4RFFpOUy5vYmplY3RzV05TLmtleXNWJGNsYXNzog8QgASABqISE4ACgAOAB1lhbGlhc0RhdGFccmVsYXRpdmVQYXRo0hgNGRpXTlMuZGF0YU8RAbgAAAAAAbgAAgAADE1hY2ludG9zaCBIRAAAAAAAAAAAAAAAAAAAAMZpO3hIKwAAABU+0xhMZXZpdHVzLUFudG9ub3YtMjAwNS5wZGYAAAAAAAAAAAAAAAAAAAAAAAAAAAAAAAAAAAAAAAAAAAAAAAAAAAAAIfaawmgCGwAAAAAAAAAAAAMAAgAACSAAAAAAAAAAAAAAAAAAAAAQU2NpZW50aWZpY1BhcGVycwAQAAgAAMZpc7gAAAARAAgAAMJoOlsAAAABAAwAFT7TAAqaVAAAhe0AAgBDTWFjaW50b3NoIEhEOlVzZXJzOmdlYmJpZTpTY2llbnRpZmljUGFwZXJzOkxldml0dXMtQW50b25vdi0yMDA1LnBkZgAADgAyABgATABlAHYAaQB0AHUAcwAtAEEAbgB0AG8AbgBvAHYALQAyADAAMAA1AC4AcABkAGYADwAaAAwATQBhAGMAaQBuAHQAbwBzAGgAIABIAEQAEgA2VXNlcnMvZ2ViYmllL1NjaWVudGlmaWNQYXBlcnMvTGV2aXR1cy1BbnRvbm92LTIwMDUucGRmABMAAS8AABUAAgAN//8AAIAF0hwdHh9YJGNsYXNzZXNaJGNsYXNzbmFtZaMfICFdTlNNdXRhYmxlRGF0YVZOU0RhdGFYTlNPYmplY3RfEDIuLi8uLi8uLi9TY2llbnRpZmljUGFwZXJzL0xldml0dXMtQW50b25vdi0yMDA1LnBkZtIcHSQloiUhXE5TRGljdGlvbmFyeRIAAYagXxAPTlNLZXllZEFyY2hpdmVyAAgAEQAWAB8AKAAyADUAOgA8AEUASwBSAF0AZQBsAG8AcQBzAHYAeAB6AHwAhgCTAJgAoAJcAl4CYwJsAncCewKJApACmQLOAtMC1gLjAugAAAAAAAACAQAAAAAAAAAoAAAAAAAAAAAAAAAAAAAC+g==},
	issn = {0094-8276},
	owner = {gebbie},
	timestamp = {2015.12.29}
}

@ARTICLE{Lyman-Johnson-2014:Estimating,
	author = {Lyman, John M and Johnson, Gregory C},
	title = {Estimating global ocean heat content changes in the upper 1800 m
	since 1950 and the influence of climatology choice},
	journal = {Journal of Climate},
	year = {2014},
	volume = {27},
	pages = {1945--1957},
	number = {5},
	timestamp = {2017.11.03}
}

@ARTICLE{Myhre-Shindell-2013:Anthropogenic,
	author = {Myhre, G and Shindell, D and Br{\'e}on, FM and Collins, W and Fuglestvedt,
	J and Stocker, TF and Qin, D and Plattner, G.-K. and Tignor, M. and
	Allen, SK and Boschung, J and co-authors},
	title = {Anthropogenic and natural radiative forcing},
	journal = {Climate Change 2013: The Physical Science Basis. Contribution of
	Working Group I to the Fifth Assessment Report of the Intergovernmental
	Panel on Climate Change},
	year = {2013},
	note = {[Stocker, T.F., D. Qin, G.-K. Plattner, M. Tignor, S.K. Allen, J.
	Boschung, A. Nauels, Y. Xia, V. Bex and P.M. Midgley (eds.)]. Cambridge
	University Press, Cambridge, United Kingdom and New York, NY, USA.(eds.)].
	Cambridge University Press, Cambridge, United Kingdom and New York,
	NY, USA.},
	owner = {gebbie},
	timestamp = {2019.06.20}
}

